@InProceedings{wsml,
    title = "{The Web Service Modeling Language WSML: An Overview}",
    author = "Jos de Bruijn and Holger Lausen and Axel Polleres and Dieter Fensel",
    booktitle = "Proceedings of the 3rd European Semantic Web Conference (ESWC)",
    year = "2006"
}

@Techreport{wsml-spec,
    author = {Jos de Bruin},
    title = "{The Web service Modeling Language (WSML) Specification}",
    type = "Technical Report",
    institution = "Digital Enterprise Research Institute (DERI)",
    month = "February",
    year = "2005",
    note = "http://www.wsmo.org/TR/d16/"
}

@Article{lloyd-topor,
    author = {John Lloyd and Rodney Topor},
    title = "{Making Prolog More Expressive}",
    journal = "Journal of Logic Programming",
    volume = "3",
    pages = "225--240",
    year = "1984"
}

%-------------------------------------------

@InProceedings{LiHo03,
    author = "L. Li and I. Horrocks",
    title = "{A Software Framework For Matchmaking Based on Semantic Web Technology}",
    booktitle = "Proc. of the Twelfth World Wide Web Conference",
    year = "2003",
}

@Book{dl-handbook,
    editor = "F. Baader and D. Calvanese and D. McGuinness and D. Nardi and P. Patel-Schneider",
    title = "{The Description Logic Handbook}",
    publisher = "Cambridge University Press",
    month = "January",
    year = "2003",
    isbn = "0521781760"
}

@InProceedings{papakonstantinou95object,
    author = "Y. Papakonstantinou and H. Garcia-Molina and J. Widom",
    title = "{Object Exchange across Heterogeneous Information Sources}",
    booktitle = "11th Conf. on Data Engineering",
    publisher = "IEEE Computer Society",
    address = "Taipei, Taiwan",
    pages = "251--260",
    year = "1995"
}

@Misc{rdf,
    author = "O. Lassila and R. R. Swick",
    title = "{Resource Description Framework (RDF) Model and Syntax Specification, http://www.w3.org/TR/REC-rdf-syntax/}"
}

@Article{ServiceTerm,
    author = "Z. Baida, J. Gordijn, H. Akkermans",
    title = "{A Shared Service Terminology for Online Service Provisioning}",
    journal = "To appear in Proc. of the Sixth Intern. Conf. on Electronic Commerce (ICEC04), Delft",
    year = "2004"
}

@InProceedings{dlmatch1,
    title = "Semantic Web support for the business-to-business e-commerce lifecycle",
    author = "D. Trastour and C. Bartolini and C. Preist",
    booktitle = "Proc. of the Eleventh Intern. Conf. on World Wide Web",
    pages = "89--98",
    year = "2002"
}

@Article{PrincipledMatch,
    author = "T.D. Noia and E.D. Sciascio and F.M. Donini and M. Mogiello",
    title = "{A System for Principled Matchmaking in an Electronic Marketplace}",
    journal = "Journal of Electronic Commerce",
    year = "2004"
}

@InProceedings{ServiceMatch,
    author = "M. Paolucci and T. Kawamura and T. Payne and K. Sycara",
    title = "Semantic Mathcing of Web Service Capabilities",
    booktitle = "Proc. of the 1st Intern. Semantic Web Conf. (ISWC)",
    pages = "333-347",
    year = "2002"
}

@Article{CA,
    author = "Chris Preist",
    title = "{A Conceptual Architecture for Semantic Web Services}",
    journal = "To appear in Proc. of the 3rd Intern. Semantic Web Conf. (ISWC)",
    year = "2004"
}

@Misc{brokering04,
    author = "K. Sycara and M. Paolucci and J. Soudry and N. Srinivasan",
    title = "Dynamic Discovery and Coordination of Agent-Based Semantic Web Services",
    pages = "66-73",
    year = 2004
}

@InProceedings{Trastour01a,
    author = "J. Gonzales-Castillo and D. Trastour and C. Bartolini",
    title = "{Description Logics for Matchmaking of Services}",
    booktitle = "Proc. of the KI-2001 Workshop on Applications of Description Logics",
    year = "2001",
    volume = "44",
    issn = "1613-0073"
}

@InProceedings{Trastour01b,
    author = "D. Trastour and C. Bartolini and J. Gonzales-Castillo",
    title = "{A Semantic Web approach to service description for Matchmaking of Services}",
    booktitle = "Proc. of the First Semantic Web Working Symposium",
    year = "2001",
}

@Article{McIlraith03,
    author = "S. McIlraith and D. Martin",
    title = "{Bringing Semantics to Web Services}",
    journal = "IEEE Intelligent Systems",
    volume = "18",
    number = "1",
    pages = "90-93",
    year = "2003"
}

@Article{Paolucci03,
    author = "M. Paolucci and K. Sycara",
    title = "{Autonomous Semantic Web Services}",
    journal = "IEEE Internet Computing",
    volume = "7",
    number = "5",
    pages = "34-41",
    year = "2003"
}

@Article{Boris,
    author = "B. Motik and U. Sattler and R. Studer",
    title = "{Query Answering for OWL-DL with Rules}",
    journal = "To appear in Proc. of the 3rd Intern. Semantic Web Conf. (ISWC)",
    year = "2004"
}
