@InProceedings{wsml,
    title = "{The Web Service Modeling Language WSML: An Overview}",
    author = "Jos de Bruijn and Holger Lausen and Axel Polleres and Dieter Fensel",
    booktitle = "Proceedings of the 3rd European Semantic Web Conference (ESWC)",
    year = "2006"
}

@Techreport{wsml-spec,
    author = {Jos de Bruin},
    title = "{The Web service Modeling Language (WSML) Specification}",
    type = "Technical Report",
    institution = "Digital Enterprise Research Institute (DERI)",
    month = "February",
    year = "2005",
    note = "http://www.wsmo.org/TR/d16/"
}

@Article{lloyd-topor,
    author = {John Lloyd and Rodney Topor},
    title = "{Making Prolog More Expressive}",
    journal = "Journal of Logic Programming",
    volume = "3",
    pages = "225--240",
    year = "1984"
}
